@article{adaptive,
  title   = {Adaptive Distance Estimation and Localization in WSN using RSSI Measures},
  author  = {Abdalkarim Awad and Thorsten Frunzke and Falko Dressler},
  journal = {10th Euromicro Conference on Digital System Design Architectures, Methods and Tools (DSD 2007)},
  year    = {2007},
  pages   = {471-478},
  url     = {https://api.semanticscholar.org/CorpusID:16879410}
}
@inproceedings{reliable,
  title  = {Is RSSI a Reliable Parameter in Sensor Localization Algorithms â€“ An Experimental Study},
  author = {Ambili Thottam Parameswaran and Mohammad Iftekhar Husain and Shambhu J. Upadhyaya},
  year   = {2009},
  url    = {https://api.semanticscholar.org/CorpusID:14288337}
}